<div class="product-grid"><!--[--><div id="product-tile-000000000000339888" class="product-teaser-item product-grid__item" data-mn="product-category-item-000000000000339888" is-disabled="false"><div class="product-tile" title="Mixed Squash"><a href="/product/halloween-aaahmazing-mixed-squash-000000000000339888" class="base-link product-tile__link product-tile__link--pointer" data-track-type="internal" draggable="false"><div><div class="product-tile__picture" aria-hidden="true"><img class="base-image" srcset="https://dm.emea.cms.aldi.cx/is/image/aldiprodeu/product/jpg/scaleWidth/232/8987cb3c-f08c-45b2-9941-8303332e105d/Mixed%20Squash 116w,https://dm.emea.cms.aldi.cx/is/image/aldiprodeu/product/jpg/scaleWidth/306/8987cb3c-f08c-45b2-9941-8303332e105d/Mixed%20Squash 153w" sizes="(min-width: 992px) 153px, 116px" src="https://dm.emea.cms.aldi.cx/is/image/aldiprodeu/product/jpg/scaleWidth/232/8987cb3c-f08c-45b2-9941-8303332e105d/Mixed%20Squash" alt="Mixed Squash" width="153" height="153" draggable="false"></div><div class="product-tile__badges"><!----><!----></div><div class="product-tile__brandname"><p>HALLOWEEN AAAHMAZING</p></div><div class="product-tile__name"><p>Mixed Squash</p></div><div data-test="product-tile__unit-of-measurement" class="product-tile__unit-of-measurement"><p>1 Each</p></div></div><div class="base-price base-price--product-tile product-tile__price"><div><!----><span class="base-price__comparison-price"><span>(£0.95/1 Each)</span></span><span class="base-price__regular"><span>£0.95</span><!----><!----></span><!----><!----><!----><!----></div></div></a><!----><!----></div><!----></div><div id="product-tile-000000000000383313" class="product-teaser-item product-grid__item" data-mn="product-category-item-000000000000383313" is-disabled="false"><div class="product-tile" title="Pork Sausages 8 Pack"><a href="/product/butchers-select-butchers-pork-sausages-8-pack-000000000000383313" class="base-link product-tile__link product-tile__link--pointer" data-track-type="internal" draggable="false"><div><div class="product-tile__picture" aria-hidden="true"><img class="base-image" srcset="https://dm.emea.cms.aldi.cx/is/image/aldiprodeu/product/jpg/scaleWidth/232/a3d968b5-6016-4a9f-87bb-164cae35b1cf/Pork%20Sausages%208%20Pack 116w,https://dm.emea.cms.aldi.cx/is/image/aldiprodeu/product/jpg/scaleWidth/306/a3d968b5-6016-4a9f-87bb-164cae35b1cf/Pork%20Sausages%208%20Pack 153w" sizes="(min-width: 992px) 153px, 116px" src="https://dm.emea.cms.aldi.cx/is/image/aldiprodeu/product/jpg/scaleWidth/232/a3d968b5-6016-4a9f-87bb-164cae35b1cf/Pork%20Sausages%208%20Pack" alt="Pork Sausages 8 Pack" width="153" height="153" draggable="false"></div><div class="product-tile__badges"><!----><!----></div><div class="product-tile__brandname"><p>BUTCHERS SELECT</p></div><div class="product-tile__name"><p>Pork Sausages 8 Pack</p></div><div data-test="product-tile__unit-of-measurement" class="product-tile__unit-of-measurement"><p>0.454 KG</p></div></div><div class="base-price base-price--product-tile product-tile__price"><div><!----><span class="base-price__comparison-price"><span>(£3.94/1 KG)</span></span><span class="base-price__regular"><span>£1.79</span><!----><!----></span><!----><!----><!----><!----></div></div></a><!----><!----></div><!----></div><div id="product-tile-000000000000386206" class="product-teaser-item product-grid__item" data-mn="product-category-item-000000000000386206" is-disabled="false"><div class="product-tile" title="Black Pudding Slices 4 Pack"><a href="/product/ashfield-black-pudding-4-pack-000000000000386206" class="base-link product-tile__link product-tile__link--pointer" data-track-type="internal" draggable="false"><div><div class="product-tile__picture" aria-hidden="true"><img class="base-image" srcset="https://dm.emea.cms.aldi.cx/is/image/aldiprodeu/product/jpg/scaleWidth/232/ce74791d-b0a5-467d-9b15-d91aac0993eb/Black%20Pudding%20Slices%204%20Pack 116w,https://dm.emea.cms.aldi.cx/is/image/aldiprodeu/product/jpg/scaleWidth/306/ce74791d-b0a5-467d-9b15-d91aac0993eb/Black%20Pudding%20Slices%204%20Pack 153w" sizes="(min-width: 992px) 153px, 116px" src="https://dm.emea.cms.aldi.cx/is/image/aldiprodeu/product/jpg/scaleWidth/232/ce74791d-b0a5-467d-9b15-d91aac0993eb/Black%20Pudding%20Slices%204%20Pack" alt="Black Pudding Slices 4 Pack" width="153" height="153" draggable="false"></div><div class="product-tile__badges"><!----><!----></div><div class="product-tile__brandname"><p>ASHFIELD</p></div><div class="product-tile__name"><p>Black Pudding Slices 4 Pack</p></div><div data-test="product-tile__unit-of-measurement" class="product-tile__unit-of-measurement"><p>0.227 KG</p></div></div><div class="base-price base-price--product-tile product-tile__price"><div><!----><span class="base-price__comparison-price"><span>(£4.19/1 KG)</span></span><span class="base-price__regular"><span>£0.95</span><!----><!----></span><!----><!----><!----><!----></div></div></a><!----><!----></div><!----></div><div id="product-tile-000000000000506421" class="product-teaser-item product-grid__item" data-mn="product-category-item-000000000000506421" is-disabled="false"><div class="product-tile" title="Crispy Aromatic Half Duck with Pancakes"><a href="/product/ready-set-cook-aromatic-duck-with-pancakes-000000000000506421" class="base-link product-tile__link product-tile__link--pointer" data-track-type="internal" draggable="false"><div><div class="product-tile__picture" aria-hidden="true"><img class="base-image" srcset="https://dm.emea.cms.aldi.cx/is/image/aldiprodeu/product/jpg/scaleWidth/232/fc580f1d-7d4c-49eb-b4d8-0efe58098dd4/Crispy%20Aromatic%20Half%20Duck%20with%20Pancakes 116w,https://dm.emea.cms.aldi.cx/is/image/aldiprodeu/product/jpg/scaleWidth/306/fc580f1d-7d4c-49eb-b4d8-0efe58098dd4/Crispy%20Aromatic%20Half%20Duck%20with%20Pancakes 153w" sizes="(min-width: 992px) 153px, 116px" src="https://dm.emea.cms.aldi.cx/is/image/aldiprodeu/product/jpg/scaleWidth/232/fc580f1d-7d4c-49eb-b4d8-0efe58098dd4/Crispy%20Aromatic%20Half%20Duck%20with%20Pancakes" alt="Crispy Aromatic Half Duck with Pancakes" width="153" height="153" draggable="false"></div><div class="product-tile__badges"><!----><!----></div><div class="product-tile__brandname"><p>READY, SET…COOK!</p></div><div class="product-tile__name"><p>Crispy Aromatic Half Duck with Pancakes</p></div><div data-test="product-tile__unit-of-measurement" class="product-tile__unit-of-measurement"><p>0.57 KG</p></div></div><div class="base-price base-price--product-tile product-tile__price"><div><!----><span class="base-price__comparison-price"><span>(£11.39/1 KG)</span></span><span class="base-price__regular"><span>£6.49</span><!----><!----></span><!----><!----><!----><!----></div></div></a><!----><!----></div><!----></div><div id="product-tile-000000000000587721" class="product-teaser-item product-grid__item" data-mn="product-category-item-000000000000587721" is-disabled="false"><div class="product-tile" title="Ready to Cook Diced Onion"><a href="/product/ready-set-cook-ready-to-cook-diced-onion-000000000000587721" class="base-link product-tile__link product-tile__link--pointer" data-track-type="internal" draggable="false"><div><div class="product-tile__picture" aria-hidden="true"><img class="base-image" srcset="https://dm.emea.cms.aldi.cx/is/image/aldiprodeu/product/jpg/scaleWidth/232/a104e10b-bd6c-4049-aed5-4c3ce78b7f51/Ready%20to%20Cook%20Diced%20Onion 116w,https://dm.emea.cms.aldi.cx/is/image/aldiprodeu/product/jpg/scaleWidth/306/a104e10b-bd6c-4049-aed5-4c3ce78b7f51/Ready%20to%20Cook%20Diced%20Onion 153w" sizes="(min-width: 992px) 153px, 116px" src="https://dm.emea.cms.aldi.cx/is/image/aldiprodeu/product/jpg/scaleWidth/232/a104e10b-bd6c-4049-aed5-4c3ce78b7f51/Ready%20to%20Cook%20Diced%20Onion" alt="Ready to Cook Diced Onion" width="153" height="153" draggable="false"></div><div class="product-tile__badges"><!----><!----></div><div class="product-tile__brandname"><p>READY, SET…COOK!</p></div><div class="product-tile__name"><p>Ready to Cook Diced Onion</p></div><div data-test="product-tile__unit-of-measurement" class="product-tile__unit-of-measurement"><p>0.2 KG</p></div></div><div class="base-price base-price--product-tile product-tile__price"><div><!----><span class="base-price__comparison-price"><span>(£2.25/1 KG)</span></span><span class="base-price__regular"><span>£0.45</span><!----><!----></span><!----><!----><!----><!----></div></div></a><!----><!----></div><!----></div><div id="product-tile-000000000000622328" class="product-teaser-item product-grid__item" data-mn="product-category-item-000000000000622328" is-disabled="false"><div class="product-tile" title="Protein Egg Noodles"><a href="/product/ready-set-cook-protein-egg-noodles-000000000000622328" class="base-link product-tile__link product-tile__link--pointer" data-track-type="internal" draggable="false"><div><div class="product-tile__picture" aria-hidden="true"><img class="base-image" srcset="https://dm.emea.cms.aldi.cx/is/image/aldiprodeu/product/jpg/scaleWidth/232/81ae3e6f-e5b3-454f-8fd3-39f40dc2c3e9/Protein%20Egg%20Noodles 116w,https://dm.emea.cms.aldi.cx/is/image/aldiprodeu/product/jpg/scaleWidth/306/81ae3e6f-e5b3-454f-8fd3-39f40dc2c3e9/Protein%20Egg%20Noodles 153w" sizes="(min-width: 992px) 153px, 116px" src="https://dm.emea.cms.aldi.cx/is/image/aldiprodeu/product/jpg/scaleWidth/232/81ae3e6f-e5b3-454f-8fd3-39f40dc2c3e9/Protein%20Egg%20Noodles" alt="Protein Egg Noodles" width="153" height="153" draggable="false"></div><div class="product-tile__badges"><!----><!----></div><div class="product-tile__brandname"><p>READY, SET…COOK!</p></div><div class="product-tile__name"><p>Protein Egg Noodles</p></div><div data-test="product-tile__unit-of-measurement" class="product-tile__unit-of-measurement"><p>0.3 KG</p></div></div><div class="base-price base-price--product-tile product-tile__price"><div><!----><span class="base-price__comparison-price"><span>(£3.30/1 KG)</span></span><span class="base-price__regular"><span>£0.99</span><!----><!----></span><!----><!----><!----><!----></div></div></a><!----><!----></div><!----></div><div id="product-tile-000000000000669895" class="product-teaser-item product-grid__item" data-mn="product-category-item-000000000000669895" is-disabled="false"><div class="product-tile" title="Wagyu Diced Beef"><a href="/product/no-brand-wagyu-diced-beef-000000000000669895" class="base-link product-tile__link product-tile__link--pointer" data-track-type="internal" draggable="false"><div><div class="product-tile__picture" aria-hidden="true"><img class="base-image" srcset="https://dm.emea.cms.aldi.cx/is/image/aldiprodeu/product/jpg/scaleWidth/232/9900fe5a-9abf-422a-8bb1-88e34a2bbd79/Wagyu%20Diced%20Beef 116w,https://dm.emea.cms.aldi.cx/is/image/aldiprodeu/product/jpg/scaleWidth/306/9900fe5a-9abf-422a-8bb1-88e34a2bbd79/Wagyu%20Diced%20Beef 153w" sizes="(min-width: 992px) 153px, 116px" src="https://dm.emea.cms.aldi.cx/is/image/aldiprodeu/product/jpg/scaleWidth/232/9900fe5a-9abf-422a-8bb1-88e34a2bbd79/Wagyu%20Diced%20Beef" alt="Wagyu Diced Beef" loading="lazy" width="153" height="153" decoding="async" draggable="false"></div><div class="product-tile__badges"><!----><!----></div><div class="product-tile__brandname"><!----></div><div class="product-tile__name"><p>Wagyu Diced Beef</p></div><div data-test="product-tile__unit-of-measurement" class="product-tile__unit-of-measurement"><p>0.35 KG</p></div></div><div class="base-price base-price--product-tile product-tile__price"><div><!----><span class="base-price__comparison-price"><span>(£17.11/1 KG)</span></span><span class="base-price__regular"><span>£5.99</span><!----><!----></span><!----><!----><!----><!----></div></div></a><!----><!----></div><!----></div><div id="product-tile-000000000000694439" class="product-teaser-item product-grid__item" data-mn="product-category-item-000000000000694439" is-disabled="false"><div class="product-tile" title="Slow Cooked Featherblade with Beef Dripp"><a href="/product/no-brand-slow-cooked-featherblade-with-beef-dripp-000000000000694439" class="base-link product-tile__link product-tile__link--pointer" data-track-type="internal" draggable="false"><div><div class="product-tile__picture" aria-hidden="true"><img class="base-image" src="https://dm.emea.cms.aldi.cx/is/content/aldiprodeu/GB%20Fallback%20Image%203-no%20text" alt="Slow Cooked Featherblade with Beef Dripp" loading="lazy" width="116" height="116" decoding="async" draggable="false"></div><div class="product-tile__badges"><div class="base-label base-label--info text-single-line">In Store Thu 06 Nov</div><!----></div><div class="product-tile__brandname"><!----></div><div class="product-tile__name"><p>Slow Cooked Featherblade with Beef Dripp</p></div><div data-test="product-tile__unit-of-measurement" class="product-tile__unit-of-measurement"><p>0.43 KG</p></div></div><div class="base-price base-price--product-tile product-tile__price"><div><!----><span class="base-price__comparison-price"><span>(£12.77/1 KG)</span></span><span class="base-price__regular"><span>£5.49</span><!----><!----></span><!----><!----><!----><!----></div></div></a><!----><!----></div><!----></div><div id="product-tile-000000000000694443" class="product-teaser-item product-grid__item" data-mn="product-category-item-000000000000694443" is-disabled="false"><div class="product-tile" title="Wagyu Rump Steak &amp; Bone Marrow Burger"><a href="/product/no-brand-wagyu-rump-steak-bone-marrow-burger-000000000000694443" class="base-link product-tile__link product-tile__link--pointer" data-track-type="internal" draggable="false"><div><div class="product-tile__picture" aria-hidden="true"><img class="base-image" src="https://dm.emea.cms.aldi.cx/is/content/aldiprodeu/GB%20Fallback%20Image%203-no%20text" alt="Wagyu Rump Steak &amp; Bone Marrow Burger" loading="lazy" width="116" height="116" decoding="async" draggable="false"></div><div class="product-tile__badges"><div class="base-label base-label--info text-single-line">In Store Thu 06 Nov</div><!----></div><div class="product-tile__brandname"><!----></div><div class="product-tile__name"><p>Wagyu Rump Steak &amp; Bone Marrow Burger</p></div><!----></div><div class="base-price base-price--product-tile product-tile__price"><div><!----><span class="base-price__comparison-price"><!----></span><span class="base-price__regular"><span>£3.99</span><!----><!----></span><!----><!----><!----><!----></div></div></a><!----><!----></div><!----></div><div id="product-tile-000000000000694446" class="product-teaser-item product-grid__item" data-mn="product-category-item-000000000000694446" is-disabled="false"><div class="product-tile" title="Ultimate Lobster, Prawn &amp; Crayfish Cocktail"><a href="/product/no-brand-ultimate-lobster-prawn-crayfish-cocktail-000000000000694446" class="base-link product-tile__link product-tile__link--pointer" data-track-type="internal" draggable="false"><div><div class="product-tile__picture" aria-hidden="true"><img class="base-image" src="https://dm.emea.cms.aldi.cx/is/content/aldiprodeu/GB%20Fallback%20Image%203-no%20text" alt="Ultimate Lobster, Prawn &amp; Crayfish Cocktail" loading="lazy" width="116" height="116" decoding="async" draggable="false"></div><div class="product-tile__badges"><div class="base-label base-label--info text-single-line">In Store Thu 06 Nov</div><!----></div><div class="product-tile__brandname"><!----></div><div class="product-tile__name"><p>Ultimate Lobster, Prawn &amp; Crayfish Cocktail</p></div><!----></div><div class="base-price base-price--product-tile product-tile__price"><div><!----><span class="base-price__comparison-price"><!----></span><span class="base-price__regular"><span>£3.99</span><!----><!----></span><!----><!----><!----><!----></div></div></a><!----><!----></div><!----></div><div id="product-tile-000000000000694477" class="product-teaser-item product-grid__item" data-mn="product-category-item-000000000000694477" is-disabled="false"><div class="product-tile" title="Chicken En-Croute"><a href="/product/no-brand-chicken-en-croute-000000000000694477" class="base-link product-tile__link product-tile__link--pointer" data-track-type="internal" draggable="false"><div><div class="product-tile__picture" aria-hidden="true"><img class="base-image" src="https://dm.emea.cms.aldi.cx/is/content/aldiprodeu/GB%20Fallback%20Image%203-no%20text" alt="Chicken En-Croute" loading="lazy" width="116" height="116" decoding="async" draggable="false"></div><div class="product-tile__badges"><div class="base-label base-label--info text-single-line">In Store Thu 06 Nov</div><!----></div><div class="product-tile__brandname"><!----></div><div class="product-tile__name"><p>Chicken En-Croute</p></div><!----></div><div class="base-price base-price--product-tile product-tile__price"><div><!----><span class="base-price__comparison-price"><!----></span><span class="base-price__regular"><span>£3.99</span><!----><!----></span><!----><!----><!----><!----></div></div></a><!----><!----></div><!----></div><div id="product-tile-000000000334802001" class="product-teaser-item product-grid__item" data-mn="product-category-item-000000000334802001" is-disabled="false"><div class="product-tile" title="Oriental Style Stir Fry"><a href="/product/ready-set-cook-oriental-style-stir-fry-000000000334802001" class="base-link product-tile__link product-tile__link--pointer" data-track-type="internal" draggable="false"><div><div class="product-tile__picture" aria-hidden="true"><img class="base-image" srcset="https://dm.emea.cms.aldi.cx/is/image/aldiprodeu/product/jpg/scaleWidth/232/5a9fcaae-cf28-445a-8c86-1e128583077b/Oriental%20Style%20Stir%20Fry 116w,https://dm.emea.cms.aldi.cx/is/image/aldiprodeu/product/jpg/scaleWidth/306/5a9fcaae-cf28-445a-8c86-1e128583077b/Oriental%20Style%20Stir%20Fry 153w" sizes="(min-width: 992px) 153px, 116px" src="https://dm.emea.cms.aldi.cx/is/image/aldiprodeu/product/jpg/scaleWidth/232/5a9fcaae-cf28-445a-8c86-1e128583077b/Oriental%20Style%20Stir%20Fry" alt="Oriental Style Stir Fry" loading="lazy" width="153" height="153" decoding="async" draggable="false"></div><div class="product-tile__badges"><!----><!----></div><div class="product-tile__brandname"><p>READY, SET…COOK!</p></div><div class="product-tile__name"><p>Oriental Style Stir Fry</p></div><div data-test="product-tile__unit-of-measurement" class="product-tile__unit-of-measurement"><p>0.32 KG</p></div></div><div class="base-price base-price--product-tile product-tile__price"><div><!----><span class="base-price__comparison-price"><span>(£2.78/1 KG)</span></span><span class="base-price__regular"><span>£0.89</span><!----><!----></span><!----><!----><!----><!----></div></div></a><!----><!----></div><!----></div><div id="product-tile-000000000334802002" class="product-teaser-item product-grid__item" data-mn="product-category-item-000000000334802002" is-disabled="false"><div class="product-tile" title="Mixed Pepper Stir Fry"><a href="/product/ready-set-cook-mixed-pepper-stir-fry-000000000334802002" class="base-link product-tile__link product-tile__link--pointer" data-track-type="internal" draggable="false"><div><div class="product-tile__picture" aria-hidden="true"><img class="base-image" srcset="https://dm.emea.cms.aldi.cx/is/image/aldiprodeu/product/jpg/scaleWidth/232/bb6147a9-8f19-4006-af4a-a3ba87c73521/Mixed%20Pepper%20Stir%20Fry 116w,https://dm.emea.cms.aldi.cx/is/image/aldiprodeu/product/jpg/scaleWidth/306/bb6147a9-8f19-4006-af4a-a3ba87c73521/Mixed%20Pepper%20Stir%20Fry 153w" sizes="(min-width: 992px) 153px, 116px" src="https://dm.emea.cms.aldi.cx/is/image/aldiprodeu/product/jpg/scaleWidth/232/bb6147a9-8f19-4006-af4a-a3ba87c73521/Mixed%20Pepper%20Stir%20Fry" alt="Mixed Pepper Stir Fry" loading="lazy" width="153" height="153" decoding="async" draggable="false"></div><div class="product-tile__badges"><!----><!----></div><div class="product-tile__brandname"><p>READY, SET…COOK!</p></div><div class="product-tile__name"><p>Mixed Pepper Stir Fry</p></div><div data-test="product-tile__unit-of-measurement" class="product-tile__unit-of-measurement"><p>0.32 KG</p></div></div><div class="base-price base-price--product-tile product-tile__price"><div><!----><span class="base-price__comparison-price"><span>(£2.78/1 KG)</span></span><span class="base-price__regular"><span>£0.89</span><!----><!----></span><!----><!----><!----><!----></div></div></a><!----><!----></div><!----></div><div id="product-tile-000000000340666001" class="product-teaser-item product-grid__item" data-mn="product-category-item-000000000340666001" is-disabled="false"><div class="product-tile" title="Rice Noodles"><a href="/product/ready-set-cook-rice-noodles-000000000340666001" class="base-link product-tile__link product-tile__link--pointer" data-track-type="internal" draggable="false"><div><div class="product-tile__picture" aria-hidden="true"><img class="base-image" srcset="https://dm.emea.cms.aldi.cx/is/image/aldiprodeu/product/jpg/scaleWidth/232/7393bf99-4291-4854-974e-4c58702426e3/Rice%20Noodles 116w,https://dm.emea.cms.aldi.cx/is/image/aldiprodeu/product/jpg/scaleWidth/306/7393bf99-4291-4854-974e-4c58702426e3/Rice%20Noodles 153w" sizes="(min-width: 992px) 153px, 116px" src="https://dm.emea.cms.aldi.cx/is/image/aldiprodeu/product/jpg/scaleWidth/232/7393bf99-4291-4854-974e-4c58702426e3/Rice%20Noodles" alt="Rice Noodles" loading="lazy" width="153" height="153" decoding="async" draggable="false"></div><div class="product-tile__badges"><!----><!----></div><div class="product-tile__brandname"><p>READY, SET…COOK!</p></div><div class="product-tile__name"><p>Rice Noodles</p></div><div data-test="product-tile__unit-of-measurement" class="product-tile__unit-of-measurement"><p>0.3 KG</p></div></div><div class="base-price base-price--product-tile product-tile__price"><div><!----><span class="base-price__comparison-price"><span>(£3.30/1 KG)</span></span><span class="base-price__regular"><span>£0.99</span><!----><!----></span><!----><!----><!----><!----></div></div></a><!----><!----></div><!----></div><div id="product-tile-000000000340666002" class="product-teaser-item product-grid__item" data-mn="product-category-item-000000000340666002" is-disabled="false"><div class="product-tile" title="Singapore Style Noodles"><a href="/product/ready-set-cook-singapore-style-noodles-000000000340666002" class="base-link product-tile__link product-tile__link--pointer" data-track-type="internal" draggable="false"><div><div class="product-tile__picture" aria-hidden="true"><img class="base-image" srcset="https://dm.emea.cms.aldi.cx/is/image/aldiprodeu/product/jpg/scaleWidth/232/e5aed2f7-82eb-407c-bbf2-0c0e4f8f4a86/Singapore%20Style%20Noodles 116w,https://dm.emea.cms.aldi.cx/is/image/aldiprodeu/product/jpg/scaleWidth/306/e5aed2f7-82eb-407c-bbf2-0c0e4f8f4a86/Singapore%20Style%20Noodles 153w" sizes="(min-width: 992px) 153px, 116px" src="https://dm.emea.cms.aldi.cx/is/image/aldiprodeu/product/jpg/scaleWidth/232/e5aed2f7-82eb-407c-bbf2-0c0e4f8f4a86/Singapore%20Style%20Noodles" alt="Singapore Style Noodles" loading="lazy" width="153" height="153" decoding="async" draggable="false"></div><div class="product-tile__badges"><!----><!----></div><div class="product-tile__brandname"><p>READY, SET…COOK!</p></div><div class="product-tile__name"><p>Singapore Style Noodles</p></div><div data-test="product-tile__unit-of-measurement" class="product-tile__unit-of-measurement"><p>0.3 KG</p></div></div><div class="base-price base-price--product-tile product-tile__price"><div><!----><span class="base-price__comparison-price"><span>(£3.30/1 KG)</span></span><span class="base-price__regular"><span>£0.99</span><!----><!----></span><!----><!----><!----><!----></div></div></a><!----><!----></div><!----></div><div id="product-tile-000000000381593001" class="product-teaser-item product-grid__item" data-mn="product-category-item-000000000381593001" is-disabled="false"><div class="product-tile" title="Pork Chipolatas 12 Pack"><a href="/product/butchers-select-british-pork-chipolatas-12-pack-000000000381593001" class="base-link product-tile__link product-tile__link--pointer" data-track-type="internal" draggable="false"><div><div class="product-tile__picture" aria-hidden="true"><img class="base-image" srcset="https://dm.emea.cms.aldi.cx/is/image/aldiprodeu/product/jpg/scaleWidth/232/3a84b9db-8533-46ca-94fe-54aecd473819/Pork%20Chipolatas%2012%20Pack 116w,https://dm.emea.cms.aldi.cx/is/image/aldiprodeu/product/jpg/scaleWidth/306/3a84b9db-8533-46ca-94fe-54aecd473819/Pork%20Chipolatas%2012%20Pack 153w" sizes="(min-width: 992px) 153px, 116px" src="https://dm.emea.cms.aldi.cx/is/image/aldiprodeu/product/jpg/scaleWidth/232/3a84b9db-8533-46ca-94fe-54aecd473819/Pork%20Chipolatas%2012%20Pack" alt="Pork Chipolatas 12 Pack" loading="lazy" width="153" height="153" decoding="async" draggable="false"></div><div class="product-tile__badges"><!----><!----></div><div class="product-tile__brandname"><p>BUTCHERS SELECT</p></div><div class="product-tile__name"><p>Pork Chipolatas 12 Pack</p></div><div data-test="product-tile__unit-of-measurement" class="product-tile__unit-of-measurement"><p>0.34 KG</p></div></div><div class="base-price base-price--product-tile product-tile__price"><div><!----><span class="base-price__comparison-price"><span>(£5.26/1 KG)</span></span><span class="base-price__regular"><span>£1.79</span><!----><!----></span><!----><!----><!----><!----></div></div></a><!----><!----></div><!----></div><div id="product-tile-000000000381593002" class="product-teaser-item product-grid__item" data-mn="product-category-item-000000000381593002" is-disabled="false"><div class="product-tile" title="45% Reduced Fat* Pork Sausages 8 Pack"><a href="/product/butchers-select-british-45-reduced-fat-pork-sausages-8-pack-000000000381593002" class="base-link product-tile__link product-tile__link--pointer" data-track-type="internal" draggable="false"><div><div class="product-tile__picture" aria-hidden="true"><img class="base-image" srcset="https://dm.emea.cms.aldi.cx/is/image/aldiprodeu/product/jpg/scaleWidth/232/79f3040f-63f3-4c7f-a0d8-6cbafe0dbb8d/45%25%20Reduced%20Fat%20Pork%20Sausages%208%20Pack 116w,https://dm.emea.cms.aldi.cx/is/image/aldiprodeu/product/jpg/scaleWidth/306/79f3040f-63f3-4c7f-a0d8-6cbafe0dbb8d/45%25%20Reduced%20Fat%20Pork%20Sausages%208%20Pack 153w" sizes="(min-width: 992px) 153px, 116px" src="https://dm.emea.cms.aldi.cx/is/image/aldiprodeu/product/jpg/scaleWidth/232/79f3040f-63f3-4c7f-a0d8-6cbafe0dbb8d/45%25%20Reduced%20Fat%20Pork%20Sausages%208%20Pack" alt="45% Reduced Fat* Pork Sausages 8 Pack" loading="lazy" width="153" height="153" decoding="async" draggable="false"></div><div class="product-tile__badges"><!----><!----></div><div class="product-tile__brandname"><p>BUTCHERS SELECT</p></div><div class="product-tile__name"><p>45% Reduced Fat* Pork Sausages 8 Pack</p></div><div data-test="product-tile__unit-of-measurement" class="product-tile__unit-of-measurement"><p>0.454 KG</p></div></div><div class="base-price base-price--product-tile product-tile__price"><div><!----><span class="base-price__comparison-price"><span>(£3.94/1 KG)</span></span><span class="base-price__regular"><span>£1.79</span><!----><!----></span><!----><!----><!----><!----></div></div></a><!----><!----></div><!----></div><div id="product-tile-000000000382727001" class="product-teaser-item product-grid__item" data-mn="product-category-item-000000000382727001" is-disabled="false"><div class="product-tile" title="Cumberland Sausages 8 Pack"><a href="/product/butchers-select-british-cumberland-sausages-8-pack-000000000382727001" class="base-link product-tile__link product-tile__link--pointer" data-track-type="internal" draggable="false"><div><div class="product-tile__picture" aria-hidden="true"><img class="base-image" srcset="https://dm.emea.cms.aldi.cx/is/image/aldiprodeu/product/jpg/scaleWidth/232/56505b15-aecb-449c-bfaa-28c34b96227f/Cumberland%20Sausages%208%20Pack 116w,https://dm.emea.cms.aldi.cx/is/image/aldiprodeu/product/jpg/scaleWidth/306/56505b15-aecb-449c-bfaa-28c34b96227f/Cumberland%20Sausages%208%20Pack 153w" sizes="(min-width: 992px) 153px, 116px" src="https://dm.emea.cms.aldi.cx/is/image/aldiprodeu/product/jpg/scaleWidth/232/56505b15-aecb-449c-bfaa-28c34b96227f/Cumberland%20Sausages%208%20Pack" alt="Cumberland Sausages 8 Pack" loading="lazy" width="153" height="153" decoding="async" draggable="false"></div><div class="product-tile__badges"><!----><!----></div><div class="product-tile__brandname"><p>BUTCHERS SELECT</p></div><div class="product-tile__name"><p>Cumberland Sausages 8 Pack</p></div><div data-test="product-tile__unit-of-measurement" class="product-tile__unit-of-measurement"><p>0.454 KG</p></div></div><div class="base-price base-price--product-tile product-tile__price"><div><!----><span class="base-price__comparison-price"><span>(£3.94/1 KG)</span></span><span class="base-price__regular"><span>£1.79</span><!----><!----></span><!----><!----><!----><!----></div></div></a><!----><!----></div><!----></div><div id="product-tile-000000000382727002" class="product-teaser-item product-grid__item" data-mn="product-category-item-000000000382727002" is-disabled="false"><div class="product-tile" title="Lincolnshire Sausages 8 Pack"><a href="/product/butchers-select-british-lincolnshire-sausages-8-pack-000000000382727002" class="base-link product-tile__link product-tile__link--pointer" data-track-type="internal" draggable="false"><div><div class="product-tile__picture" aria-hidden="true"><img class="base-image" srcset="https://dm.emea.cms.aldi.cx/is/image/aldiprodeu/product/jpg/scaleWidth/232/d59c3c5e-b6c5-4c73-a36d-e843d89c639f/Lincolnshire%20Sausages%208%20Pack 116w,https://dm.emea.cms.aldi.cx/is/image/aldiprodeu/product/jpg/scaleWidth/306/d59c3c5e-b6c5-4c73-a36d-e843d89c639f/Lincolnshire%20Sausages%208%20Pack 153w" sizes="(min-width: 992px) 153px, 116px" src="https://dm.emea.cms.aldi.cx/is/image/aldiprodeu/product/jpg/scaleWidth/232/d59c3c5e-b6c5-4c73-a36d-e843d89c639f/Lincolnshire%20Sausages%208%20Pack" alt="Lincolnshire Sausages 8 Pack" loading="lazy" width="153" height="153" decoding="async" draggable="false"></div><div class="product-tile__badges"><!----><!----></div><div class="product-tile__brandname"><p>BUTCHERS SELECT</p></div><div class="product-tile__name"><p>Lincolnshire Sausages 8 Pack</p></div><div data-test="product-tile__unit-of-measurement" class="product-tile__unit-of-measurement"><p>0.454 KG</p></div></div><div class="base-price base-price--product-tile product-tile__price"><div><!----><span class="base-price__comparison-price"><span>(£3.94/1 KG)</span></span><span class="base-price__regular"><span>£1.79</span><!----><!----></span><!----><!----><!----><!----></div></div></a><!----><!----></div><!----></div><div id="product-tile-000000000405532001" class="product-teaser-item product-grid__item" data-mn="product-category-item-000000000405532001" is-disabled="false"><div class="product-tile" title="Smoked Gammon Steaks"><a href="/product/freshcure-smoked-gammon-steaks-000000000405532001" class="base-link product-tile__link product-tile__link--pointer" data-track-type="internal" draggable="false"><div><div class="product-tile__picture" aria-hidden="true"><img class="base-image" srcset="https://dm.emea.cms.aldi.cx/is/image/aldiprodeu/product/jpg/scaleWidth/232/c2eaf6fe-7f70-4839-bd53-548ba80bc7c9/Smoked%20Gammon%20Steaks 116w,https://dm.emea.cms.aldi.cx/is/image/aldiprodeu/product/jpg/scaleWidth/306/c2eaf6fe-7f70-4839-bd53-548ba80bc7c9/Smoked%20Gammon%20Steaks 153w" sizes="(min-width: 992px) 153px, 116px" src="https://dm.emea.cms.aldi.cx/is/image/aldiprodeu/product/jpg/scaleWidth/232/c2eaf6fe-7f70-4839-bd53-548ba80bc7c9/Smoked%20Gammon%20Steaks" alt="Smoked Gammon Steaks" loading="lazy" width="153" height="153" decoding="async" draggable="false"></div><div class="product-tile__badges"><!----><!----></div><div class="product-tile__brandname"><p>FRESHCURE</p></div><div class="product-tile__name"><p>Smoked Gammon Steaks</p></div><div data-test="product-tile__unit-of-measurement" class="product-tile__unit-of-measurement"><p>0.45 KG</p></div></div><div class="base-price base-price--product-tile product-tile__price"><div><!----><span class="base-price__comparison-price"><span>(£7.67/1 KG)</span></span><span class="base-price__regular"><span>£3.45</span><!----><!----></span><!----><!----><!----><!----></div></div></a><!----><!----></div><!----></div><div id="product-tile-000000000505360001" class="product-teaser-item product-grid__item" data-mn="product-category-item-000000000505360001" is-disabled="false"><div class="product-tile" title="Coconut &amp; Lemongrass Stir Fry Sauce"><a href="/product/ready-set-cook-coconut-lemongrass-stir-fry-sauce-000000000505360001" class="base-link product-tile__link product-tile__link--pointer" data-track-type="internal" draggable="false"><div><div class="product-tile__picture" aria-hidden="true"><img class="base-image" srcset="https://dm.emea.cms.aldi.cx/is/image/aldiprodeu/product/jpg/scaleWidth/232/7f5434d8-8aaa-42b1-928b-e3e0f8f182bb/Coconut%20%20Lemongrass%20Stir%20Fry%20Sauce 116w,https://dm.emea.cms.aldi.cx/is/image/aldiprodeu/product/jpg/scaleWidth/306/7f5434d8-8aaa-42b1-928b-e3e0f8f182bb/Coconut%20%20Lemongrass%20Stir%20Fry%20Sauce 153w" sizes="(min-width: 992px) 153px, 116px" src="https://dm.emea.cms.aldi.cx/is/image/aldiprodeu/product/jpg/scaleWidth/232/7f5434d8-8aaa-42b1-928b-e3e0f8f182bb/Coconut%20%20Lemongrass%20Stir%20Fry%20Sauce" alt="Coconut &amp; Lemongrass Stir Fry Sauce" loading="lazy" width="153" height="153" decoding="async" draggable="false"></div><div class="product-tile__badges"><!----><!----></div><div class="product-tile__brandname"><p>READY, SET…COOK!</p></div><div class="product-tile__name"><p>Coconut &amp; Lemongrass Stir Fry Sauce</p></div><div data-test="product-tile__unit-of-measurement" class="product-tile__unit-of-measurement"><p>0.175 KG</p></div></div><div class="base-price base-price--product-tile product-tile__price"><div><!----><span class="base-price__comparison-price"><span>(£4.51/1 KG)</span></span><span class="base-price__regular"><span>£0.79</span><!----><!----></span><!----><!----><!----><!----></div></div></a><!----><!----></div><!----></div><div id="product-tile-000000000505360002" class="product-teaser-item product-grid__item" data-mn="product-category-item-000000000505360002" is-disabled="false"><div class="product-tile" title="Katsu Stir Fry Sauce"><a href="/product/ready-set-cook-katsu-stir-fry-sauce-000000000505360002" class="base-link product-tile__link product-tile__link--pointer" data-track-type="internal" draggable="false"><div><div class="product-tile__picture" aria-hidden="true"><img class="base-image" srcset="https://dm.emea.cms.aldi.cx/is/image/aldiprodeu/product/jpg/scaleWidth/232/80ef7766-4900-4034-8559-e61ac38be06a/Katsu%20Stir%20Fry%20Sauce 116w,https://dm.emea.cms.aldi.cx/is/image/aldiprodeu/product/jpg/scaleWidth/306/80ef7766-4900-4034-8559-e61ac38be06a/Katsu%20Stir%20Fry%20Sauce 153w" sizes="(min-width: 992px) 153px, 116px" src="https://dm.emea.cms.aldi.cx/is/image/aldiprodeu/product/jpg/scaleWidth/232/80ef7766-4900-4034-8559-e61ac38be06a/Katsu%20Stir%20Fry%20Sauce" alt="Katsu Stir Fry Sauce" loading="lazy" width="153" height="153" decoding="async" draggable="false"></div><div class="product-tile__badges"><!----><!----></div><div class="product-tile__brandname"><p>READY, SET…COOK!</p></div><div class="product-tile__name"><p>Katsu Stir Fry Sauce</p></div><div data-test="product-tile__unit-of-measurement" class="product-tile__unit-of-measurement"><p>0.175 KG</p></div></div><div class="base-price base-price--product-tile product-tile__price"><div><!----><span class="base-price__comparison-price"><span>(£4.51/1 KG)</span></span><span class="base-price__regular"><span>£0.79</span><!----><!----></span><!----><!----><!----><!----></div></div></a><!----><!----></div><!----></div><div id="product-tile-000000000505360003" class="product-teaser-item product-grid__item" data-mn="product-category-item-000000000505360003" is-disabled="false"><div class="product-tile" title="Teriyaki Stir Fry Sauce"><a href="/product/ready-set-cook-teriyaki-stir-fry-sauce-000000000505360003" class="base-link product-tile__link product-tile__link--pointer" data-track-type="internal" draggable="false"><div><div class="product-tile__picture" aria-hidden="true"><img class="base-image" srcset="https://dm.emea.cms.aldi.cx/is/image/aldiprodeu/product/jpg/scaleWidth/232/e956737b-4015-45c1-b6e0-2e809af66e07/Teriyaki%20Stir%20Fry%20Sauce 116w,https://dm.emea.cms.aldi.cx/is/image/aldiprodeu/product/jpg/scaleWidth/306/e956737b-4015-45c1-b6e0-2e809af66e07/Teriyaki%20Stir%20Fry%20Sauce 153w" sizes="(min-width: 992px) 153px, 116px" src="https://dm.emea.cms.aldi.cx/is/image/aldiprodeu/product/jpg/scaleWidth/232/e956737b-4015-45c1-b6e0-2e809af66e07/Teriyaki%20Stir%20Fry%20Sauce" alt="Teriyaki Stir Fry Sauce" loading="lazy" width="153" height="153" decoding="async" draggable="false"></div><div class="product-tile__badges"><!----><!----></div><div class="product-tile__brandname"><p>READY, SET…COOK!</p></div><div class="product-tile__name"><p>Teriyaki Stir Fry Sauce</p></div><div data-test="product-tile__unit-of-measurement" class="product-tile__unit-of-measurement"><p>0.175 KG</p></div></div><div class="base-price base-price--product-tile product-tile__price"><div><!----><span class="base-price__comparison-price"><span>(£4.51/1 KG)</span></span><span class="base-price__regular"><span>£0.79</span><!----><!----></span><!----><!----><!----><!----></div></div></a><!----><!----></div><!----></div><div id="product-tile-000000000515559001" class="product-teaser-item product-grid__item" data-mn="product-category-item-000000000515559001" is-disabled="false"><div class="product-tile" title="Edamame Bean &amp; Broccoli Stir Fry"><a href="/product/ready-set-cook-edamame-bean-broccoli-stir-fry-000000000515559001" class="base-link product-tile__link product-tile__link--pointer" data-track-type="internal" draggable="false"><div><div class="product-tile__picture" aria-hidden="true"><img class="base-image" srcset="https://dm.emea.cms.aldi.cx/is/image/aldiprodeu/product/jpg/scaleWidth/232/a9c27749-9fae-4706-8412-75a1909704ea/Edamame%20Bean%20%20Broccoli%20Stir%20Fry 116w,https://dm.emea.cms.aldi.cx/is/image/aldiprodeu/product/jpg/scaleWidth/306/a9c27749-9fae-4706-8412-75a1909704ea/Edamame%20Bean%20%20Broccoli%20Stir%20Fry 153w" sizes="(min-width: 992px) 153px, 116px" src="https://dm.emea.cms.aldi.cx/is/image/aldiprodeu/product/jpg/scaleWidth/232/a9c27749-9fae-4706-8412-75a1909704ea/Edamame%20Bean%20%20Broccoli%20Stir%20Fry" alt="Edamame Bean &amp; Broccoli Stir Fry" loading="lazy" width="153" height="153" decoding="async" draggable="false"></div><div class="product-tile__badges"><!----><!----></div><div class="product-tile__brandname"><p>READY, SET…COOK!</p></div><div class="product-tile__name"><p>Edamame Bean &amp; Broccoli Stir Fry</p></div><div data-test="product-tile__unit-of-measurement" class="product-tile__unit-of-measurement"><p>0.32 KG</p></div></div><div class="base-price base-price--product-tile product-tile__price"><div><!----><span class="base-price__comparison-price"><span>(£2.78/1 KG)</span></span><span class="base-price__regular"><span>£0.89</span><!----><!----></span><!----><!----><!----><!----></div></div></a><!----><!----></div><!----></div><div id="product-tile-000000000515559002" class="product-teaser-item product-grid__item" data-mn="product-category-item-000000000515559002" is-disabled="false"><div class="product-tile" title="Mushroom Stir Fry"><a href="/product/ready-set-cook-mushroom-stir-fry-000000000515559002" class="base-link product-tile__link product-tile__link--pointer" data-track-type="internal" draggable="false"><div><div class="product-tile__picture" aria-hidden="true"><img class="base-image" srcset="https://dm.emea.cms.aldi.cx/is/image/aldiprodeu/product/jpg/scaleWidth/232/1c5c36ba-12c8-4a9a-98d2-63190e1f391f/Mushroom%20Stir%20Fry 116w,https://dm.emea.cms.aldi.cx/is/image/aldiprodeu/product/jpg/scaleWidth/306/1c5c36ba-12c8-4a9a-98d2-63190e1f391f/Mushroom%20Stir%20Fry 153w" sizes="(min-width: 992px) 153px, 116px" src="https://dm.emea.cms.aldi.cx/is/image/aldiprodeu/product/jpg/scaleWidth/232/1c5c36ba-12c8-4a9a-98d2-63190e1f391f/Mushroom%20Stir%20Fry" alt="Mushroom Stir Fry" loading="lazy" width="153" height="153" decoding="async" draggable="false"></div><div class="product-tile__badges"><!----><!----></div><div class="product-tile__brandname"><p>READY, SET…COOK!</p></div><div class="product-tile__name"><p>Mushroom Stir Fry</p></div><div data-test="product-tile__unit-of-measurement" class="product-tile__unit-of-measurement"><p>0.32 KG</p></div></div><div class="base-price base-price--product-tile product-tile__price"><div><!----><span class="base-price__comparison-price"><span>(£2.78/1 KG)</span></span><span class="base-price__regular"><span>£0.89</span><!----><!----></span><!----><!----><!----><!----></div></div></a><!----><!----></div><!----></div><div id="product-tile-000000000537336001" class="product-teaser-item product-grid__item" data-mn="product-category-item-000000000537336001" is-disabled="false"><div class="product-tile" title="Sweet Chilli Stir Fry Sauce"><a href="/product/ready-set-cook-sweet-chilli-stir-fry-sauce-000000000537336001" class="base-link product-tile__link product-tile__link--pointer" data-track-type="internal" draggable="false"><div><div class="product-tile__picture" aria-hidden="true"><img class="base-image" srcset="https://dm.emea.cms.aldi.cx/is/image/aldiprodeu/product/jpg/scaleWidth/232/e8f591da-5600-4daa-8305-6cd410e595d8/Sweet%20Chilli%20Stir%20Fry%20Sauce 116w,https://dm.emea.cms.aldi.cx/is/image/aldiprodeu/product/jpg/scaleWidth/306/e8f591da-5600-4daa-8305-6cd410e595d8/Sweet%20Chilli%20Stir%20Fry%20Sauce 153w" sizes="(min-width: 992px) 153px, 116px" src="https://dm.emea.cms.aldi.cx/is/image/aldiprodeu/product/jpg/scaleWidth/232/e8f591da-5600-4daa-8305-6cd410e595d8/Sweet%20Chilli%20Stir%20Fry%20Sauce" alt="Sweet Chilli Stir Fry Sauce" loading="lazy" width="153" height="153" decoding="async" draggable="false"></div><div class="product-tile__badges"><!----><!----></div><div class="product-tile__brandname"><p>READY, SET…COOK!</p></div><div class="product-tile__name"><p>Sweet Chilli Stir Fry Sauce</p></div><div data-test="product-tile__unit-of-measurement" class="product-tile__unit-of-measurement"><p>0.175 KG</p></div></div><div class="base-price base-price--product-tile product-tile__price"><div><!----><span class="base-price__comparison-price"><span>(£4.51/1 KG)</span></span><span class="base-price__regular"><span>£0.79</span><!----><!----></span><!----><!----><!----><!----></div></div></a><!----><!----></div><!----></div><div id="product-tile-000000000537336002" class="product-teaser-item product-grid__item" data-mn="product-category-item-000000000537336002" is-disabled="false"><div class="product-tile" title="Plum &amp; Hoisin Stir Fry Sauce"><a href="/product/ready-set-cook-plum-hoisin-stir-fry-sauce-000000000537336002" class="base-link product-tile__link product-tile__link--pointer" data-track-type="internal" draggable="false"><div><div class="product-tile__picture" aria-hidden="true"><img class="base-image" srcset="https://dm.emea.cms.aldi.cx/is/image/aldiprodeu/product/jpg/scaleWidth/232/ad5d3e27-8f05-4f43-a7af-e3393310aeb4/Plum%20%20Hoisin%20Stir%20Fry%20Sauce 116w,https://dm.emea.cms.aldi.cx/is/image/aldiprodeu/product/jpg/scaleWidth/306/ad5d3e27-8f05-4f43-a7af-e3393310aeb4/Plum%20%20Hoisin%20Stir%20Fry%20Sauce 153w" sizes="(min-width: 992px) 153px, 116px" src="https://dm.emea.cms.aldi.cx/is/image/aldiprodeu/product/jpg/scaleWidth/232/ad5d3e27-8f05-4f43-a7af-e3393310aeb4/Plum%20%20Hoisin%20Stir%20Fry%20Sauce" alt="Plum &amp; Hoisin Stir Fry Sauce" loading="lazy" width="153" height="153" decoding="async" draggable="false"></div><div class="product-tile__badges"><!----><!----></div><div class="product-tile__brandname"><p>READY, SET…COOK!</p></div><div class="product-tile__name"><p>Plum &amp; Hoisin Stir Fry Sauce</p></div><div data-test="product-tile__unit-of-measurement" class="product-tile__unit-of-measurement"><p>0.175 KG</p></div></div><div class="base-price base-price--product-tile product-tile__price"><div><!----><span class="base-price__comparison-price"><span>(£4.51/1 KG)</span></span><span class="base-price__regular"><span>£0.79</span><!----><!----></span><!----><!----><!----><!----></div></div></a><!----><!----></div><!----></div><div id="product-tile-000000000537336003" class="product-teaser-item product-grid__item" data-mn="product-category-item-000000000537336003" is-disabled="false"><div class="product-tile" title="Chow Mein Stir Fry Sauce"><a href="/product/ready-set-cook-chow-mein-stir-fry-sauce-000000000537336003" class="base-link product-tile__link product-tile__link--pointer" data-track-type="internal" draggable="false"><div><div class="product-tile__picture" aria-hidden="true"><img class="base-image" srcset="https://dm.emea.cms.aldi.cx/is/image/aldiprodeu/product/jpg/scaleWidth/232/80d77b1b-d3e7-4a26-8305-935c7490f2cd/Chow%20Mein%20Stir%20Fry%20Sauce 116w,https://dm.emea.cms.aldi.cx/is/image/aldiprodeu/product/jpg/scaleWidth/306/80d77b1b-d3e7-4a26-8305-935c7490f2cd/Chow%20Mein%20Stir%20Fry%20Sauce 153w" sizes="(min-width: 992px) 153px, 116px" src="https://dm.emea.cms.aldi.cx/is/image/aldiprodeu/product/jpg/scaleWidth/232/80d77b1b-d3e7-4a26-8305-935c7490f2cd/Chow%20Mein%20Stir%20Fry%20Sauce" alt="Chow Mein Stir Fry Sauce" loading="lazy" width="153" height="153" decoding="async" draggable="false"></div><div class="product-tile__badges"><!----><!----></div><div class="product-tile__brandname"><p>READY, SET…COOK!</p></div><div class="product-tile__name"><p>Chow Mein Stir Fry Sauce</p></div><div data-test="product-tile__unit-of-measurement" class="product-tile__unit-of-measurement"><p>0.175 KG</p></div></div><div class="base-price base-price--product-tile product-tile__price"><div><!----><span class="base-price__comparison-price"><span>(£4.51/1 KG)</span></span><span class="base-price__regular"><span>£0.79</span><!----><!----></span><!----><!----><!----><!----></div></div></a><!----><!----></div><!----></div><div id="product-tile-000000000694464001" class="product-teaser-item product-grid__item" data-mn="product-category-item-000000000694464001" is-disabled="false"><div class="product-tile" title="SPECIALLY SELECTED GASTRO, Sirloin Steaks with Sauce, Peppercorn"><a href="/product/no-brand-specially-selected-gastro-sirloin-steaks-with-sauce-peppercorn-000000000694464001" class="base-link product-tile__link product-tile__link--pointer" data-track-type="internal" draggable="false"><div><div class="product-tile__picture" aria-hidden="true"><img class="base-image" src="https://dm.emea.cms.aldi.cx/is/content/aldiprodeu/GB%20Fallback%20Image%203-no%20text" alt="SPECIALLY SELECTED GASTRO, Sirloin Steaks with Sauce, Peppercorn" loading="lazy" width="116" height="116" decoding="async" draggable="false"></div><div class="product-tile__badges"><div class="base-label base-label--info text-single-line">In Store Thu 06 Nov</div><!----></div><div class="product-tile__brandname"><!----></div><div class="product-tile__name"><p>SPECIALLY SELECTED GASTRO, Sirloin Steaks with Sauce, Peppercorn</p></div><!----></div><div class="base-price base-price--product-tile product-tile__price"><div><!----><span class="base-price__comparison-price"><!----></span><span class="base-price__regular"><span>£9.99</span><!----><!----></span><!----><!----><!----><!----></div></div></a><!----><!----></div><!----></div><div id="product-tile-000000000694464002" class="product-teaser-item product-grid__item" data-mn="product-category-item-000000000694464002" is-disabled="false"><div class="product-tile" title="SPECIALLY SELECTED GASTRO, Sirloin Steaks with Sauce, Bordelaise"><a href="/product/no-brand-specially-selected-gastro-sirloin-steaks-with-sauce-bordelaise-000000000694464002" class="base-link product-tile__link product-tile__link--pointer" data-track-type="internal" draggable="false"><div><div class="product-tile__picture" aria-hidden="true"><img class="base-image" src="https://dm.emea.cms.aldi.cx/is/content/aldiprodeu/GB%20Fallback%20Image%203-no%20text" alt="SPECIALLY SELECTED GASTRO, Sirloin Steaks with Sauce, Bordelaise" loading="lazy" width="116" height="116" decoding="async" draggable="false"></div><div class="product-tile__badges"><div class="base-label base-label--info text-single-line">In Store Thu 06 Nov</div><!----></div><div class="product-tile__brandname"><!----></div><div class="product-tile__name"><p>SPECIALLY SELECTED GASTRO, Sirloin Steaks with Sauce, Bordelaise</p></div><!----></div><div class="base-price base-price--product-tile product-tile__price"><div><!----><span class="base-price__comparison-price"><!----></span><span class="base-price__regular"><span>£9.99</span><!----><!----></span><!----><!----><!----><!----></div></div></a><!----><!----></div><!----></div><!--]--></div>